@MISC{pc_hersteller,
	AUTHOR = "{STAMFORD, Conn.}",
	TITLE = "{Gartner Says Worldwide PC Shipments Declined 9.6 Percent in First Quarter of 2016}",
	YEAR = "11. April 2016",
	NOTE = "\url{http://www.gartner.com/newsroom/id/3280626} 
	\newline Abrufdatum: 15.07.2016"
}